@article{Corbo:2014uk,
  author = {Corbo, Joel C and Reinholz, Daniel L and Dancy, Melissa H and Deetz, Stanley and Finkelstein, Noah},
  title = {{Sustainable Change: A Model for Transforming Departmental Culture to Support STEM Education Innovation}},
  year = {2014},
  eprint = {1412.3034},
  eprinttype = {arxiv},
  month = {dec},
}


@article{Paul:1997ti,
  author = {Paul, R W and Elder, Linda and Bartell, T},
  title = {{California Teacher Preparation for Instruction in Critical Thinking: Research Findings and Policy Recommendations.}},
  year = {1997},
}
